<record><leader>00000cas a2200000 a 4500</leader><controlfield tag="001">25563368</controlfield><controlfield tag="008">920331u18uuuuuuiluwr ne      0   a0eng c</controlfield><datafield ind1=" " ind2=" " tag="010"><subfield code="a">sn 92054508 </subfield></datafield><datafield ind1=" " ind2=" " tag="040"><subfield code="a">NVF</subfield><subfield code="b">eng</subfield><subfield code="c">NVF</subfield><subfield code="d">OCL</subfield><subfield code="d">NVF</subfield><subfield code="d">OCLCF</subfield><subfield code="d">NVF</subfield><subfield code="d">OCLCO</subfield></datafield><datafield ind1="1" ind2=" " tag="029"><subfield code="a">AU@</subfield><subfield code="b">000020228900</subfield></datafield><datafield ind1=" " ind2=" " tag="042"><subfield code="a">pcc</subfield></datafield><datafield ind1=" " ind2=" " tag="043"><subfield code="a">n-us-il</subfield></datafield><datafield ind1="0" ind2=" " tag="130"><subfield code="a">Chronicle and herald (Yates City, Ill.)</subfield></datafield><datafield ind1="1" ind2="0" tag="245"><subfield code="a">Chronicle and herald.</subfield></datafield><datafield ind1=" " ind2=" " tag="260"><subfield code="a">Yates City, Ill. ;</subfield><subfield code="a">Elmwood, Ill. :</subfield><subfield code="b">O. F. Woodcock</subfield></datafield><datafield ind1=" " ind2=" " tag="300"><subfield code="a">v.</subfield></datafield><datafield ind1=" " ind2=" " tag="310"><subfield code="a">Weekly</subfield></datafield><datafield ind1=" " ind2=" " tag="580"><subfield code="a">Formed by the union of: Yates City herald and: Elmwood chronicle.</subfield></datafield><datafield ind1=" " ind2=" " tag="588"><subfield code="a">Description based on: Vol. 7, no. 15 (June 22, 1871) = v. 8, no. 10.</subfield></datafield><datafield ind1=" " ind2=" " tag="588"><subfield code="a">Latest issue consulted: Aug. 15, 1872.</subfield></datafield><datafield ind1=" " ind2="0" tag="651"><subfield code="a">Yates City (Ill.)</subfield><subfield code="v">Newspapers.</subfield></datafield><datafield ind1=" " ind2="0" tag="651"><subfield code="a">Elmwood (Ill.)</subfield><subfield code="v">Newspapers.</subfield></datafield><datafield ind1=" " ind2="7" tag="651"><subfield code="a">Illinois</subfield><subfield code="z">Elmwood.</subfield><subfield code="2">fast</subfield><subfield code="0">(OCoLC)fst01883800</subfield></datafield><datafield ind1=" " ind2="7" tag="651"><subfield code="a">Illinois</subfield><subfield code="z">Yates City.</subfield><subfield code="2">fast</subfield><subfield code="0">(OCoLC)fst01225473</subfield></datafield><datafield ind1=" " ind2="7" tag="655"><subfield code="a">Newspapers.</subfield><subfield code="2">fast</subfield><subfield code="0">(OCoLC)fst01423814</subfield></datafield><datafield ind1=" " ind2=" " tag="752"><subfield code="a">United States</subfield><subfield code="b">Illinois</subfield><subfield code="c">Knox</subfield><subfield code="d">Yates City.</subfield></datafield><datafield ind1=" " ind2=" " tag="752"><subfield code="a">United States</subfield><subfield code="b">Illinois</subfield><subfield code="c">Peoria</subfield><subfield code="d">Elmwood.</subfield></datafield><datafield ind1="1" ind2="4" tag="780"><subfield code="t">Yates City herald</subfield></datafield><datafield ind1="1" ind2="4" tag="780"><subfield code="t">Elmwood chronicle</subfield><subfield code="w">(DLC)sn 85033678</subfield><subfield code="w">(OCoLC)12158323</subfield></datafield></record>